@article{mobley_blind_2014,
  title = {Blind Prediction of {{HIV}} Integrase Binding from the {{SAMPL4}} Challenge},
  volume = {28},
  issn = {0920-654X, 1573-4951},
  doi = {10.1007/s10822-014-9723-5},
  number = {4},
  journal = {J Comput Aided Mol Des},
  author = {Mobley, David L. and Liu, Shuai and Lim, Nathan M. and Wymer, Karisa L. and Perryman, Alexander L. and Forli, Stefano and Deng, Nanjie and Su, Justin and Branson, Kim and Olson, Arthur J.},
  month = mar,
  year = {2014},
  pages = {327-345}
}

@article{Bannan:2016:JComputAidedMolDes,
  title = {Blind Prediction of Cyclohexane\textendash{}water Distribution Coefficients from the {{SAMPL5}} Challenge},
  volume = {30},
  issn = {0920-654X, 1573-4951},
  doi = {10.1007/s10822-016-9954-8},
  number = {11},
  journal = {J Comput Aided Mol Des},
  author = {Bannan, Caitlin C. and Burley, Kalistyn H. and Chiu, Michael and Shirts, Michael R. and Gilson, Michael K. and Mobley, David L.},
  month = sep,
  year = {2016},
  pages = {1-18}
}

@article{gibb_binding_2013,
  title = {Binding of Cyclic Carboxylates to Octa-Acid Deep-Cavity Cavitand},
  volume = {28},
  issn = {0920-654X, 1573-4951},
  doi = {10.1007/s10822-013-9690-2},
  number = {4},
  journal = {J Comput Aided Mol Des},
  author = {Gibb, Corinne L. D. and Gibb, Bruce C.},
  month = nov,
  year = {2013},
  keywords = {host–guest complexation,OctaAcid,experiment,SAMPL,SAMPL4},
  pages = {319-325}
}

@article{sullivan_binding_2016,
  title = {Binding of Carboxylate and Trimethylammonium Salts to Octa-Acid and {{TEMOA}} Deep-Cavity Cavitands},
  volume = {31},
  issn = {0920-654X, 1573-4951},
  doi = {10.1007/s10822-016-9925-0},
  number = {1},
  journal = {J Comput Aided Mol Des},
  author = {Sullivan, Matthew R. and Sokkalingam, Punidha and Nguyen, Thong and Donahue, James P. and Gibb, Bruce C.},
  year = {2017},
  keywords = {OctaAcid,experiment,SAMPL,SAMPL5},
  pages = {1-8}
}

@article{gallicchio_bedam_2015-1,
  title = {{{BEDAM}} Binding Free Energy Predictions for the {{SAMPL4}} Octa-Acid Host Challenge},
  volume = {29},
  issn = {0920-654X, 1573-4951},
  doi = {10.1007/s10822-014-9795-2},
  number = {4},
  journal = {J Comput Aided Mol Des},
  author = {Gallicchio, Emilio and Chen, Haoyuan and Chen, He and Fitzgerald, Michael and Gao, Yang and He, Peng and Kalyanikar, Malathi and Kao, Chuan and Lu, Beidi and Niu, Yijie and Pethe, Manasi and Zhu, Jie and Levy, Ronald M.},
  month = mar,
  year = {2015},
  keywords = {host–guest complexation,OctaAcid,SAMPL,SAMPL4,BEDAM,binding free energy,implicit solvent},
  pages = {315-325}
}

@article{Yang:2017:arXiv:1705.10035[q-bio],
  archivePrefix = {arXiv},
  eprinttype = {arxiv},
  eprint = {1705.10035},
  primaryClass = {q-bio},
  title = {Atomic Radius and Charge Parameter Uncertainty in Biomolecular Solvation Energy Calculations},
  journal = {ArXiv170510035 Q-Bio},
  author = {Yang, Xiu and Lei, Huan and Gao, Peiyuan and Thomas, Dennis G. and Mobley, David and Baker, Nathan A.},
  month = may,
  year = {2017},
  keywords = {Quantitative Biology - Biomolecules}
}

@article{genheden_all-atom/coarse-grained_2016,
  title = {All-Atom/Coarse-Grained Hybrid Predictions of Distribution Coefficients in {{SAMPL5}}},
  volume = {30},
  issn = {0920-654X, 1573-4951},
  doi = {10.1007/s10822-016-9926-z},
  number = {11},
  journal = {J Comput Aided Mol Des},
  author = {Genheden, Samuel and Essex, Jonathan W.},
  month = jul,
  year = {2016},
  keywords = {SAMPL,SAMPL5,logD,logP,coarse-grained},
  pages = {969-976}
}

@article{mobley_alchemical_2012,
  title = {Alchemical Prediction of Hydration Free Energies for {{SAMPL}}},
  volume = {26},
  doi = {10.1007/s10822-011-9528-8},
  number = {5},
  journal = {J. Comput. Aided Mol. Des.},
  author = {Mobley, David L and Liu, Shaui and Cerutti, David S and Swope, William C and Rice, Julia E},
  month = may,
  year = {2012},
  keywords = {SAMPL,SAMPL3,hydration free energy,logP Paper,virtual sites,SAMPL5},
  pages = {551--562},
  pmid = {22198475},
  pmcid = {PMC3583515}
}

@article{brini_adapting_2016,
  title = {Adapting the Semi-Explicit Assembly Solvation Model for Estimating Water-Cyclohexane Partitioning with the {{SAMPL5}} Molecules},
  volume = {30},
  issn = {0920-654X, 1573-4951},
  doi = {10.1007/s10822-016-9961-9},
  number = {11},
  journal = {J Comput Aided Mol Des},
  author = {Brini, Emiliano and Paranahewage, S. Shanaka and Fennell, Christopher J. and Dill, Ken A.},
  month = sep,
  year = {2016},
  keywords = {SAMPL,SAMPL5,logD,logP,SEA},
  pages = {1067-1077}
}

@article{Lee:2016:JComputAidedMolDes,
  title = {Absolute Binding Free Energy Calculations of {{CBClip}} Host\textendash{}guest Systems in the {{SAMPL5}} Blind Challenge},
  volume = {31},
  issn = {0920-654X, 1573-4951},
  doi = {10.1007/s10822-016-9968-2},
  number = {1},
  journal = {J Comput Aided Mol Des},
  author = {Lee, Juyong and Tofoleanu, Florentina and Pickard, Frank C. and K{\"o}nig, Gerhard and Huang, Jing and Damjanovi{\'c}, Ana and Baek, Minkyung and Seok, Chaok and Brooks, Bernard R.},
  year = {2017},
  pages = {71-85}
}

@article{cao_absolute_2014,
  title = {Absolute and Relative Binding Affinity of Cucurbit[7]Uril towards a Series of Cationic Guests},
  volume = {26},
  issn = {1061-0278},
  doi = {10.1080/10610278.2013.852674},
  number = {3-4},
  journal = {Supramol. Chem.},
  author = {Cao, Liping and Isaacs, Lyle},
  month = mar,
  year = {2014},
  keywords = {host–guest complexation,experiment,SAMPL,CB7,cucurbituril,SAMPL4},
  pages = {251-258}
}

@article{pal_combined_2016,
  title = {A Combined Treatment of Hydration and Dynamical Effects for the Modeling of Host-Guest Binding Thermodynamics: {{The SAMPL5}} Blinded Challenge},
  volume = {31},
  number = {1},
  journal = {J. Comput. Aided Mol. Des.},
  author = {Pal, Rajat Kumar and Haider, Kamran and Kaur, Divya and Flynn, William and Xia, Junchao and Levy, Ronald M. and Taran, Tetiana and Wickstrom, Lauren and Kurtzman, Tom and Gallicchio, Emilio},
  year = {2017},
  keywords = {alchemical,host–guest complexation,OctaAcid,SAMPL,BEDAM,binding free energy,SAMPL5},
  pages = {29-44}
}

@article{perryman_virtual_2014,
  title = {Virtual Screening with {{AutoDock Vina}} and the Common Pharmacophore Engine of a Low Diversity Library of Fragments and Hits against the Three Allosteric Sites of {{HIV}} Integrase: Participation in the {{SAMPL4}} Protein\textendash{}ligand Binding Challenge},
  volume = {28},
  issn = {0920-654X, 1573-4951},
  doi = {10.1007/s10822-014-9709-3},
  number = {4},
  journal = {J Comput Aided Mol Des},
  author = {Perryman, Alexander L. and Santiago, Daniel N. and Forli, Stefano and Santos-Martins, Diogo and Olson, Arthur J.},
  month = feb,
  year = {2014},
  keywords = {SAMPL,SAMPL4,HIV integrase,docking},
  pages = {429-441}
}

@article{colas_virtual_2014,
  title = {Virtual Screening of the {{SAMPL4}} Blinded {{HIV}} Integrase Inhibitors Dataset},
  volume = {28},
  issn = {0920-654X, 1573-4951},
  doi = {10.1007/s10822-014-9707-5},
  number = {4},
  journal = {J Comput Aided Mol Des},
  author = {Colas, Claire and Iorga, Bogdan I.},
  month = jan,
  year = {2014},
  keywords = {SAMPL,SAMPL4,HIV integrase,docking},
  pages = {455-462}
}

@article{gallicchio_virtual_2014,
  title = {Virtual Screening of Integrase Inhibitors by Large Scale Binding Free Energy Calculations: The {{SAMPL4}} Challenge},
  volume = {28},
  issn = {0920-654X, 1573-4951},
  doi = {10.1007/s10822-014-9711-9},
  number = {4},
  journal = {J Comput Aided Mol Des},
  author = {Gallicchio, Emilio and Deng, Nanjie and He, Peng and Wickstrom, Lauren and Perryman, Alexander L. and Santiago, Daniel N. and Forli, Stefano and Olson, Arthur J. and Levy, Ronald M.},
  month = feb,
  year = {2014},
  keywords = {alchemical,SAMPL,SAMPL4,HIV integrase},
  pages = {475-490}
}

@article{lawrenz_thermodynamic_2012,
  title = {Thermodynamic Integration to Predict Host-Guest Binding Affinities},
  volume = {26},
  issn = {0920-654X, 1573-4951},
  doi = {10.1007/s10822-012-9542-5},
  number = {5},
  journal = {J Comput Aided Mol Des},
  author = {Lawrenz, Morgan and Wereszczynski, Jeff and Ortiz-S{\'a}nchez, Juan Manuel and Nichols, Sara E. and McCammon, J. Andrew},
  month = feb,
  year = {2012},
  keywords = {alchemical,SAMPL,SAMPL3,CBClip},
  pages = {569-576}
}

@article{geballe_sampl2_2010,
  title = {The {{SAMPL2}} Blind Prediction Challenge: Introduction and Overview},
  volume = {24},
  issn = {0920-654X, 1573-4951},
  doi = {10.1007/s10822-010-9350-8},
  number = {4},
  journal = {J Comput Aided Mol Des},
  author = {Geballe, Matthew T. and Skillman, A. Geoffrey and Nicholls, Anthony and Guthrie, J. Peter and Taylor, Peter J.},
  month = may,
  year = {2010},
  keywords = {overview,hydration free energy,SAMPL2,tautomer},
  pages = {259-279}
}

@article{kehoe_testing_2011,
  title = {Testing the Semi-Explicit Assembly Solvation Model in the {{SAMPL3}} Community Blind Test},
  volume = {26},
  issn = {0920-654X, 1573-4951},
  doi = {10.1007/s10822-011-9536-8},
  number = {5},
  journal = {J Comput Aided Mol Des},
  author = {Kehoe, Charles W. and Fennell, Christopher J. and Dill, Ken A.},
  month = dec,
  year = {2011},
  keywords = {SAMPL,SAMPL3,hydration free energy,SEA},
  pages = {563-568}
}

@article{li_testing_2014,
  title = {Testing the Semi-Explicit Assembly Model of Aqueous Solvation in the {{SAMPL4}} Challenge},
  volume = {28},
  issn = {0920-654X, 1573-4951},
  doi = {10.1007/s10822-014-9712-8},
  number = {3},
  journal = {J Comput Aided Mol Des},
  author = {Li, Libo and Dill, Ken A. and Fennell, Christopher J.},
  month = jan,
  year = {2014},
  keywords = {SAMPL,hydration free energy,SAMPL4,SEA},
  pages = {259-264}
}

@article{klamt_conclusions_2010,
  title = {Some Conclusions Regarding the Predictions of Tautomeric Equilibria in Solution Based on the {{SAMPL2}} Challenge},
  volume = {24},
  issn = {0920-654X, 1573-4951},
  doi = {10.1007/s10822-010-9332-x},
  number = {6-7},
  journal = {J Comput Aided Mol Des},
  author = {Klamt, Andreas and Diedenhofen, Michael},
  month = apr,
  year = {2010},
  keywords = {SAMPL,COSMO-RS,SAMPL2,tautomer},
  pages = {621-625}
}

@article{luchko_sampl5:_2016,
  title = {{{SAMPL5}}: {{3D}}-{{RISM}} Partition Coefficient Calculations with Partial Molar Volume Corrections and Solute Conformational Sampling},
  volume = {30},
  issn = {0920-654X, 1573-4951},
  doi = {10.1007/s10822-016-9947-7},
  number = {11},
  journal = {J Comput Aided Mol Des},
  author = {Luchko, Tyler and Blinov, Nikolay and Limon, Garrett C. and Joyce, Kevin P. and Kovalenko, Andriy},
  month = sep,
  year = {2016},
  keywords = {SAMPL,SAMPL5,logD,logP,3D-RISM},
  pages = {1-13}
}

@article{guthrie_sampl4_2014,
  title = {{{SAMPL4}}, a Blind Challenge for Computational Solvation Free Energies: The Compounds Considered},
  volume = {28},
  issn = {0920-654X, 1573-4951},
  doi = {10.1007/s10822-014-9738-y},
  number = {3},
  journal = {J Comput Aided Mol Des},
  author = {Guthrie, J. Peter},
  month = apr,
  year = {2014},
  keywords = {experiment,hydration free energy,SAMPL4},
  pages = {151-168}
}

@article{nicholls_sampl2_2010,
  title = {{{SAMPL2}} and Continuum Modeling},
  volume = {24},
  issn = {0920-654X, 1573-4951},
  doi = {10.1007/s10822-010-9334-8},
  number = {4},
  journal = {J Comput Aided Mol Des},
  author = {Nicholls, Anthony and Wlodek, Stanislaw and Grant, J. Andrew},
  month = apr,
  year = {2010},
  keywords = {SAMPL,hydration free energy,SAMPL2,PB},
  pages = {293-306}
}

@article{meunier_predictions_2010,
  title = {Predictions of Hydration Free Energies from Continuum Solvent with Solute Polarizable Models: The {{SAMPL2}} Blind Challenge},
  volume = {24},
  issn = {0920-654X, 1573-4951},
  doi = {10.1007/s10822-010-9339-3},
  number = {4},
  journal = {J Comput Aided Mol Des},
  author = {Meunier, Alexandre and Truchon, Jean-Fran{\c c}ois},
  month = mar,
  year = {2010},
  keywords = {SAMPL,hydration free energy,SAMPL2,PB},
  pages = {361-372}
}

@article{mobley_predictions_2009,
  title = {Predictions of {{Hydration Free Energies}} from {{All}}-{{Atom Molecular Dynamics Simulations}}},
  volume = {113},
  journal = {J Phys Chem B},
  author = {Mobley, David L and Bayly, Christopher I and Cooper, Matthew D and Dill, Ken A},
  month = jan,
  year = {2009},
  keywords = {alchemical,SAMPL,hydration free energy,SAMPL1},
  pages = {4533-4537}
}

@article{yin_sampl5_2016,
  title = {The {{SAMPL5 Host}}-{{Guest Challenge}}: {{Computing Binding Free Energies}} and {{Enthalpies}} from {{Explicit Solvent Simulations}} by the {{Attach}}-{{Pull}}-{{Release}} ({{APR}}) {{Method}}},
  volume = {31},
  doi = {10.1007/s10822-016-9970-8},
  number = {1},
  journal = {J Comput Aided Mol Des},
  author = {Yin, Jian and Henriksen, Niel M. and Slochower, David R. and Gilson, Michael K.},
  year = {2017},
  keywords = {alchemical,host–guest complexation,SAMPL,binding free energy,SAMPL5},
  pages = {133-145}
}

@article{tielker_sampl5_2016,
  title = {The {{SAMPL5}} Challenge for Embedded-Cluster Integral Equation Theory: Solvation Free Energies, Aqueous {{pKa}}, and Cyclohexane\textendash{}water Log {{D}}},
  volume = {30},
  issn = {0920-654X, 1573-4951},
  doi = {10.1007/s10822-016-9939-7},
  journal = {J Comput Aided Mol Des},
  author = {Tielker, Nicolas and Tomazic, Daniel and Heil, Jochen and Kloss, Thomas and Ehrhart, Sebastian and G{\"u}ssregen, Stefan and Schmidt, K. Friedemann and Kast, Stefan M.},
  month = aug,
  year = {2016},
  keywords = {SAMPL,SAMPL5,logD,logP},
  pages = {1035-1044}
}

@article{muddana_sampl4_2014-1,
  title = {The {{SAMPL4}} Hydration Challenge: Evaluation of Partial Charge Sets with Explicit-Water Molecular Dynamics Simulations},
  volume = {28},
  issn = {0920-654X, 1573-4951},
  doi = {10.1007/s10822-014-9714-6},
  number = {3},
  journal = {J Comput Aided Mol Des},
  author = {Muddana, Hari S. and Sapra, Neil V. and Fenley, Andrew T. and Gilson, Michael K.},
  month = jan,
  year = {2014},
  keywords = {alchemical,SAMPL,hydration free energy,SAMPL4},
  pages = {277-287}
}

@article{muddana_sampl4_2014,
  title = {The {{SAMPL4}} Host\textendash{}guest Blind Prediction Challenge: An Overview},
  volume = {28},
  doi = {10.1007/s10822-014-9735-1},
  number = {4},
  journal = {J Comput Aided Mol Des},
  author = {Muddana, Hari S and Fenley, Andrew T and Mobley, David L and Gilson, Michael K},
  month = mar,
  year = {2014},
  keywords = {alchemical,host–guest complexation,OctaAcid,overview,SAMPL,CB7,cucurbituril,SAMPL4},
  pages = {305-317}
}

@article{geballe_sampl3_2012,
  title = {The {{SAMPL3}} Blind Prediction Challenge: Transfer Energy Overview},
  volume = {26},
  issn = {0920-654X, 1573-4951},
  doi = {10.1007/s10822-012-9568-8},
  number = {5},
  journal = {J Comput Aided Mol Des},
  author = {Geballe, Matthew T. and Guthrie, J. Peter},
  month = apr,
  year = {2012},
  keywords = {overview,SAMPL,SAMPL3,hydration free energy},
  pages = {489-496}
}

@article{nicholls_samp1_2009,
  title = {The {{SAMP1 Solvation Challenge}}: {{Further Lessons Regarding}} the {{Pitfalls}} of {{Parametrization}}},
  volume = {113},
  issn = {1520-6106},
  doi = {10.1021/jp806855q},
  number = {14},
  journal = {J. Phys. Chem. B},
  author = {Nicholls, Anthony and Wlodek, Stanislaw and Grant, J. Andrew},
  month = apr,
  year = {2009},
  keywords = {SAMPL,hydration free energy,PB,SAMPL1},
  pages = {4521-4532}
}

@article{Newman:2011:JComputAidedMolDes,
  title = {The {{DINGO}} Dataset: A Comprehensive Set of Data for the {{SAMPL}} Challenge},
  volume = {26},
  issn = {0920-654X, 1573-4951},
  doi = {10.1007/s10822-011-9521-2},
  number = {5},
  journal = {J Comput Aided Mol Des},
  author = {Newman, Janet and Dolezal, Olan and Fazio, Vincent and Caradoc-Davies, Tom and Peat, Thomas S.},
  month = dec,
  year = {2011},
  keywords = {experiment,SAMPL,SAMPL3,trypsin,crystallography},
  pages = {497-503}
}

@article{koziara_testing_2014,
  title = {Testing and Validation of the {{Automated Topology Builder}} ({{ATB}}) Version 2.0: Prediction of Hydration Free Enthalpies},
  volume = {28},
  issn = {0920-654X, 1573-4951},
  doi = {10.1007/s10822-014-9713-7},
  number = {3},
  journal = {J Comput Aided Mol Des},
  author = {Koziara, Katarzyna B. and Stroet, Martin and Malde, Alpeshkumar K. and Mark, Alan E.},
  month = jan,
  year = {2014},
  keywords = {alchemical,SAMPL,hydration free energy,SAMPL4,ATB},
  pages = {221-233}
}

@article{coleman_sampl4_2014,
  title = {{{SAMPL4}} \& {{DOCK3}}.7: Lessons for Automated Docking Procedures},
  volume = {28},
  issn = {0920-654X, 1573-4951},
  doi = {10.1007/s10822-014-9722-6},
  number = {3},
  journal = {J Comput Aided Mol Des},
  author = {Coleman, Ryan G. and Sterling, Teague and Weiss, Dahlia R.},
  month = feb,
  year = {2014},
  keywords = {SAMPL,hydration free energy,SAMPL4,HIV integrase},
  pages = {201-209}
}

@article{skillman_sampl3_2012,
  title = {{{SAMPL3}}: Blinded Prediction of Host\textendash{}guest Binding Affinities, Hydration Free Energies, and Trypsin Inhibitors},
  volume = {26},
  issn = {0920-654X, 1573-4951},
  doi = {10.1007/s10822-012-9580-z},
  number = {5},
  journal = {J Comput Aided Mol Des},
  author = {Skillman, A. Geoffrey},
  month = may,
  year = {2012},
  keywords = {overview,SAMPL,SAMPL3,trypsin},
  pages = {473-474}
}

@article{skillman_sampl2_2010,
  title = {{{SAMPL2}} Challenge: Prediction of Solvation Energies and Tautomer Ratios},
  volume = {24},
  issn = {0920-654X, 1573-4951},
  doi = {10.1007/s10822-010-9358-0},
  number = {4},
  journal = {J Comput Aided Mol Des},
  author = {Skillman, A. Geoffrey and Geballe, Matthew T. and Nicholls, Anthony},
  month = apr,
  year = {2010},
  keywords = {overview,SAMPL,hydration free energy,SAMPL2,tautomer},
  pages = {257-258}
}

@article{bhakat_resolving_2016,
  title = {Resolving the Problem of Trapped Water in Binding Cavities: {{Prediction}} of Host-Guest Binding Free Energies in the {{SAMPL5}} Challenge by Funnel Metadynamics},
  volume = {31},
  number = {1},
  journal = {J Comput Aided Mol Des},
  author = {Bhakat, Soumendranath and S{\"o}derhjelm, P{\"a}r},
  year = {2017},
  keywords = {host–guest complexation,OctaAcid,SAMPL,binding free energy,metadynamics,SAMPL5},
  pages = {119-132}
}

@article{purisima_rapid_2010,
  title = {Rapid Prediction of Solvation Free Energy. 3. {{Application}} to the {{SAMPL2}} Challenge},
  volume = {24},
  issn = {0920-654X, 1573-4951},
  doi = {10.1007/s10822-010-9341-9},
  number = {4},
  journal = {J Comput Aided Mol Des},
  author = {Purisima, Enrico O. and Corbeil, Christopher R. and Sulea, Traian},
  month = apr,
  year = {2010},
  keywords = {SAMPL,hydration free energy,SAMPL2,LIE,FiSH},
  pages = {373-383}
}

@article{hsiao_prediction_2014,
  title = {Prediction of {{SAMPL4}} Host\textendash{}guest Binding Affinities Using Funnel Metadynamics},
  volume = {28},
  issn = {0920-654X, 1573-4951},
  doi = {10.1007/s10822-014-9724-4},
  number = {4},
  journal = {J Comput Aided Mol Des},
  author = {Hsiao, Ya-Wen and S{\"o}derhjelm, P{\"a}r},
  month = feb,
  year = {2014},
  keywords = {host–guest complexation,SAMPL,CB7,SAMPL4,binding free energy,metadynamics},
  pages = {443-454}
}

@article{muddana_prediction_2012,
  title = {Prediction of {{SAMPL3}} Host\textendash{}guest Binding Affinities: Evaluating the Accuracy of Generalized Force-Fields},
  volume = {26},
  issn = {0920-654X, 1573-4951},
  doi = {10.1007/s10822-012-9544-3},
  number = {5},
  journal = {J Comput Aided Mol Des},
  author = {Muddana, Hari S. and Gilson, Michael K.},
  month = jan,
  year = {2012},
  keywords = {Free energy,host–guest complexation,SAMPL,SAMPL3,CB7},
  pages = {517-525}
}

@article{beckstein_prediction_2011,
  title = {Prediction of Hydration Free Energies for Aliphatic and Aromatic Chloro Derivatives Using Molecular Dynamics Simulations with the {{OPLS}}-{{AA}} Force Field},
  volume = {26},
  issn = {0920-654X, 1573-4951},
  doi = {10.1007/s10822-011-9527-9},
  number = {5},
  journal = {J Comput Aided Mol Des},
  author = {Beckstein, Oliver and Iorga, Bogdan I.},
  month = dec,
  year = {2011},
  keywords = {SAMPL,SAMPL3,hydration free energy,OPLS-AA},
  pages = {635-645}
}

@article{reinisch_prediction_2012,
  title = {Prediction of Free Energies of Hydration with {{COSMO}}-{{RS}} on the {{SAMPL3}} Data Set},
  volume = {26},
  issn = {0920-654X, 1573-4951},
  doi = {10.1007/s10822-012-9576-8},
  number = {5},
  journal = {J Comput Aided Mol Des},
  author = {Reinisch, Jens and Klamt, Andreas and Diedenhofen, Michael},
  month = may,
  year = {2012},
  keywords = {SAMPL,SAMPL3,COSMO-RS,hydration free energy},
  pages = {669-673}
}

@article{kenney_prediction_2016,
  title = {Prediction of Cyclohexane-Water Distribution Coefficients for the {{SAMPL5}} Data Set Using Molecular Dynamics Simulations with the {{OPLS}}-{{AA}} Force Field},
  volume = {30},
  issn = {0920-654X, 1573-4951},
  doi = {10.1007/s10822-016-9949-5},
  number = {11},
  journal = {J Comput Aided Mol Des},
  author = {Kenney, Ian M. and Beckstein, Oliver and Iorga, Bogdan I.},
  month = aug,
  year = {2016},
  keywords = {alchemical,SAMPL,SAMPL5,logD,logP,OPLS-AA},
  pages = {1-14}
}

@article{kamath_prediction_2016,
  title = {Prediction of Cyclohexane-Water Distribution Coefficient for {{SAMPL5}} Drug-like Compounds with the {{QMPFF3}} and {{ARROW}} Polarizable Force Fields},
  volume = {30},
  issn = {0920-654X, 1573-4951},
  doi = {10.1007/s10822-016-9958-4},
  number = {11},
  journal = {J Comput Aided Mol Des},
  author = {Kamath, Ganesh and Kurnikov, Igor and Fain, Boris and Leontyev, Igor and Illarionov, Alexey and Butin, Oleg and Olevanov, Michael and Pereyaslavets, Leonid},
  month = sep,
  year = {2016},
  keywords = {alchemical,SAMPL,SAMPL5,logD,logP,polarizable},
  pages = {977-988}
}

@article{nicholls_predicting_2008,
  title = {Predicting {{Small}}-{{Molecule Solvation Free Energies}}: {{An Informal Blind Test}} for {{Computational Chemistry}}},
  volume = {51},
  issn = {0022-2623},
  doi = {10.1021/jm070549+},
  number = {4},
  journal = {J. Med. Chem.},
  author = {Nicholls, Anthony and Mobley, David L. and Guthrie, J. Peter and Chodera, John D. and Bayly, Christopher I. and Cooper, Matthew D. and Pande, Vijay S.},
  month = feb,
  year = {2008},
  keywords = {overview,SAMPL,hydration free energy,SAMPL0},
  pages = {769-779}
}

@article{sandberg_predicting_2014,
  title = {Predicting Hydration Free Energies with Chemical Accuracy: The {{SAMPL4}} Challenge},
  volume = {28},
  issn = {0920-654X, 1573-4951},
  doi = {10.1007/s10822-014-9725-3},
  number = {3},
  journal = {J Comput Aided Mol Des},
  author = {Sandberg, Lars},
  month = feb,
  year = {2014},
  keywords = {alchemical,SAMPL,hydration free energy,SAMPL4},
  pages = {211-219}
}

@article{konig_predicting_2014,
  title = {Predicting Hydration Free Energies with a Hybrid {{QM}}/{{MM}} Approach: An Evaluation of Implicit and Explicit Solvation Models in {{SAMPL4}}},
  volume = {28},
  issn = {0920-654X, 1573-4951},
  doi = {10.1007/s10822-014-9708-4},
  number = {3},
  journal = {J Comput Aided Mol Des},
  author = {K{\"o}nig, Gerhard and Pickard, Frank C. and Mei, Ye and Brooks, Bernard R.},
  month = feb,
  year = {2014},
  keywords = {alchemical,SAMPL,hydration free energy,SAMPL4,QM/MM,NBB},
  pages = {245-257}
}

@article{sulea_predicting_2011,
  title = {Predicting Hydration Free Energies of Polychlorinated Aromatic Compounds from the {{SAMPL}}-3 Data Set with {{FiSH}} and {{LIE}} Models},
  volume = {26},
  issn = {0920-654X, 1573-4951},
  doi = {10.1007/s10822-011-9522-1},
  number = {5},
  journal = {J Comput Aided Mol Des},
  author = {Sulea, Traian and Purisima, Enrico O.},
  month = dec,
  year = {2011},
  keywords = {SAMPL,SAMPL3,hydration free energy,LIE,FiSH},
  pages = {661-667}
}

@article{diaz-rodriguez_predicting_2016,
  title = {Predicting Cyclohexane/Water Distribution Coefficients for the {{SAMPL5}} Challenge Using {{MOSCED}} and the {{SMD}} Solvation Model},
  volume = {30},
  issn = {0920-654X, 1573-4951},
  doi = {10.1007/s10822-016-9945-9},
  number = {11},
  journal = {J Comput Aided Mol Des},
  author = {Diaz-Rodriguez, Sebastian and Bozada, Samantha M. and Phifer, Jeremy R. and Paluch, Andrew S.},
  month = aug,
  year = {2016},
  keywords = {SAMPL,SAMPL5,logD,logP,MOSCED,SMD},
  pages = {1007-1017}
}

@article{konig_predicting_2011,
  title = {Predicting Binding Affinities of Host-Guest Systems in the {{SAMPL3}} Blind Challenge: The Performance of Relative Free Energy Calculations},
  volume = {26},
  issn = {0920-654X, 1573-4951},
  doi = {10.1007/s10822-011-9525-y},
  number = {5},
  journal = {J Comput Aided Mol Des},
  author = {K{\"o}nig, Gerhard and Brooks, Bernard R.},
  month = dec,
  year = {2011},
  keywords = {alchemical,SAMPL,SAMPL3,trypsin,relative free energy},
  pages = {543-550}
}

@article{benson_prediction_2012,
  title = {Prediction of Trypsin/Molecular Fragment Binding Affinities by Free Energy Decomposition and Empirical Scores},
  volume = {26},
  issn = {0920-654X, 1573-4951},
  doi = {10.1007/s10822-012-9567-9},
  number = {5},
  journal = {J Comput Aided Mol Des},
  author = {Benson, Mark L. and Faver, John C. and Ucisik, Melek N. and Dashti, Danial S. and Zheng, Zheng and Merz, Kenneth M.},
  month = apr,
  year = {2012},
  keywords = {SAMPL,SAMPL3,trypsin,QM},
  pages = {647-659}
}

@article{klamt_prediction_2009,
  title = {Prediction of the {{Free Energy}} of {{Hydration}} of a {{Challenging Set}} of {{Pesticide}}-{{Like Compounds}}\textdagger{}},
  journal = {J Phys Chem B},
  author = {Klamt, Andreas and Eckert, Frank and Diedenhofen, Michael},
  month = jan,
  year = {2009},
  keywords = {SAMPL,COSMO-RS,hydration free energy,SAMPL1}
}

@article{kast_prediction_2010,
  title = {Prediction of Tautomer Ratios by Embedded-Cluster Integral Equation Theory},
  volume = {24},
  issn = {0920-654X, 1573-4951},
  doi = {10.1007/s10822-010-9340-x},
  number = {4},
  journal = {J Comput Aided Mol Des},
  author = {Kast, Stefan M. and Heil, Jochen and G{\"u}ssregen, Stefan and Schmidt, K. Friedemann},
  month = mar,
  year = {2010},
  keywords = {SAMPL,SAMPL2,3D-RISM,tautomer},
  pages = {343-353}
}

@article{gallicchio_prediction_2012,
  title = {Prediction of {{SAMPL3}} Host-Guest Affinities with the Binding Energy Distribution Analysis Method ({{BEDAM}})},
  volume = {26},
  issn = {0920-654X, 1573-4951},
  doi = {10.1007/s10822-012-9552-3},
  number = {5},
  journal = {J Comput Aided Mol Des},
  author = {Gallicchio, Emilio and Levy, Ronald M.},
  month = feb,
  year = {2012},
  keywords = {alchemical,host–guest complexation,SAMPL,SAMPL3,BEDAM},
  pages = {505-516}
}

@article{ribeiro_prediction_2010,
  title = {Prediction of {{SAMPL2}} Aqueous Solvation Free Energies and Tautomeric Ratios Using the {{SM8}}, {{SM8AD}}, and {{SMD}} Solvation Models},
  volume = {24},
  issn = {0920-654X, 1573-4951},
  doi = {10.1007/s10822-010-9333-9},
  number = {4},
  journal = {J Comput Aided Mol Des},
  author = {Ribeiro, Raphael F. and Marenich, Aleksandr V. and Cramer, Christopher J. and Truhlar, Donald G.},
  month = apr,
  year = {2010},
  keywords = {SAMPL,hydration free energy,SAMPL2,QM,SMD,tautomer},
  pages = {317-333}
}

@article{sulea_prediction_2009,
  title = {Prediction of {{SAMPL}}-1 {{Hydration Free Energies Using}} a {{Continuum Electrostatics}}-{{Dispersion Model}}},
  volume = {113},
  issn = {1520-6106},
  doi = {10.1021/jp8061477},
  number = {14},
  journal = {J. Phys. Chem. B},
  author = {Sulea, Traian and Wanapun, Duangporn and Dennis, Sheldon and Purisima, Enrico O.},
  month = apr,
  year = {2009},
  keywords = {SAMPL,hydration free energy,PB,SAMPL1},
  pages = {4511-4520}
}

@article{beckstein_prediction_2014,
  title = {Prediction of Hydration Free Energies for the {{SAMPL4}} Diverse Set of Compounds Using Molecular Dynamics Simulations with the {{OPLS}}-{{AA}} Force Field},
  volume = {28},
  issn = {0920-654X, 1573-4951},
  doi = {10.1007/s10822-014-9727-1},
  number = {3},
  journal = {J Comput Aided Mol Des},
  author = {Beckstein, Oliver and Fourrier, Ana{\"\i}s and Iorga, Bogdan I.},
  month = feb,
  year = {2014},
  keywords = {alchemical,SAMPL,hydration free energy,SAMPL4,OPLS-AA},
  pages = {265-276}
}

@article{manzoni_prediction_2014,
  title = {Prediction of Hydration Free Energies for the {{SAMPL4}} Data Set with the {{AMOEBA}} Polarizable Force Field},
  volume = {28},
  issn = {0920-654X, 1573-4951},
  doi = {10.1007/s10822-014-9733-3},
  number = {3},
  journal = {J Comput Aided Mol Des},
  author = {Manzoni, Francesco and S{\"o}derhjelm, P{\"a}r},
  month = mar,
  year = {2014},
  keywords = {alchemical,SAMPL,hydration free energy,SAMPL4,AMOEBA},
  pages = {235-244}
}

@article{reinisch_prediction_2014,
  title = {Prediction of Free Energies of Hydration with {{COSMO}}-{{RS}} on the {{SAMPL4}} Data Set},
  volume = {28},
  issn = {0920-654X, 1573-4951},
  doi = {10.1007/s10822-013-9701-3},
  number = {3},
  journal = {J Comput Aided Mol Des},
  author = {Reinisch, Jens and Klamt, Andreas},
  month = jan,
  year = {2014},
  keywords = {SAMPL,COSMO-RS,hydration free energy,SAMPL4},
  pages = {169-173}
}

@article{klamt_prediction_2016,
  title = {Prediction of Cyclohexane-Water Distribution Coefficients with {{COSMO}}-{{RS}} on the {{SAMPL5}} Data Set},
  volume = {30},
  issn = {0920-654X, 1573-4951},
  doi = {10.1007/s10822-016-9927-y},
  number = {11},
  journal = {J Comput Aided Mol Des},
  author = {Klamt, Andreas and Eckert, Frank and Reinisch, Jens and Wichmann, Karin},
  month = jul,
  year = {2016},
  keywords = {SAMPL,COSMO-RS,SAMPL5,logD,logP},
  pages = {959-967}
}

@article{paranahewage_predicting_2016,
  title = {Predicting Water-to-Cyclohexane Partitioning of the {{SAMPL5}} Molecules Using Dielectric Balancing of Force Fields},
  volume = {30},
  issn = {0920-654X, 1573-4951},
  doi = {10.1007/s10822-016-9950-z},
  number = {11},
  journal = {J Comput Aided Mol Des},
  author = {Paranahewage, S. Shanaka and Gierhart, Cassidy S. and Fennell, Christopher J.},
  month = aug,
  year = {2016},
  keywords = {alchemical,SAMPL,SAMPL5,logD,logP,Dielectric constant,explicit solvent},
  pages = {1059-1065}
}

@article{klimovich_predicting_2010,
  title = {Predicting Hydration Free Energies Using All-Atom Molecular Dynamics Simulations and Multiple Starting Conformations},
  volume = {24},
  doi = {10.1007/s10822-010-9343-7},
  number = {4},
  journal = {J. Comput. Aided Mol. Des.},
  author = {Klimovich, Pavel V and Mobley, David L},
  month = apr,
  year = {2010},
  keywords = {alchemical,SAMPL,hydration free energy,SAMPL2,logP Paper,SAMPL5},
  pages = {307--316},
  pmid = {20372973}
}

@article{newman_practical_2009,
  title = {Practical {{Aspects}} of the {{SAMPL Challenge}}: {{Providing}} an {{Extensive Experimental Data Set}} for the {{Modeling Community}}},
  volume = {14},
  number = {10},
  journal = {Journal of Biomolecular Screening},
  author = {Newman, J and Fazio, VJ and Caradoc-Davies, TT and Branson, Kim and Peat, Thomas S},
  month = jan,
  year = {2009},
  keywords = {experiment,SAMPL,trypsin,Maybridge},
  pages = {1245}
}

@article{mikulskis_free-energy_2014,
  title = {Free-Energy Perturbation and Quantum Mechanical Study of {{SAMPL4}} Octa-Acid Host\textendash{}guest Binding Energies},
  volume = {28},
  issn = {0920-654X, 1573-4951},
  doi = {10.1007/s10822-014-9739-x},
  number = {4},
  journal = {J Comput Aided Mol Des},
  author = {Mikulskis, Paulius and Cioloboc, Daniela and Andreji{\'c}, Milica and Khare, Sakshi and Brorsson, Joakim and Genheden, Samuel and Mata, Ricardo A. and S{\"o}derhjelm, P{\"a}r and Ryde, Ulf},
  month = apr,
  year = {2014},
  keywords = {alchemical,host–guest complexation,OctaAcid,SAMPL,SAMPL4},
  pages = {375-400}
}

@article{sulea_exhaustive_2011,
  title = {Exhaustive Search and Solvated Interaction Energy ({{SIE}}) for Virtual Screening and Affinity Prediction},
  volume = {26},
  issn = {0920-654X, 1573-4951},
  doi = {10.1007/s10822-011-9529-7},
  number = {5},
  journal = {J Comput Aided Mol Des},
  author = {Sulea, Traian and Hogues, Herv{\'e} and Purisima, Enrico O.},
  month = dec,
  year = {2011},
  keywords = {SAMPL,SAMPL3,trypsin,docking,FiSH},
  pages = {617-633}
}

@article{hogues_exhaustive_2014,
  title = {Exhaustive Docking and Solvated Interaction Energy Scoring: Lessons Learned from the {{SAMPL4}} Challenge},
  volume = {28},
  issn = {0920-654X, 1573-4951},
  doi = {10.1007/s10822-014-9715-5},
  number = {4},
  journal = {J Comput Aided Mol Des},
  author = {Hogues, Herv{\'e} and Sulea, Traian and Purisima, Enrico O.},
  month = jan,
  year = {2014},
  keywords = {SAMPL,SAMPL4,docking},
  pages = {417-427}
}

@article{surpateanu_evaluation_2011,
  title = {Evaluation of Docking Performance in a Blinded Virtual Screening of Fragment-like Trypsin Inhibitors},
  volume = {26},
  issn = {0920-654X, 1573-4951},
  doi = {10.1007/s10822-011-9526-x},
  number = {5},
  journal = {J Comput Aided Mol Des},
  author = {Surpateanu, Georgiana and Iorga, Bogdan I.},
  month = dec,
  year = {2011},
  keywords = {SAMPL,SAMPL3,trypsin,docking},
  pages = {595-601}
}

@article{ellingson_efficient_2014,
  title = {Efficient Calculation of {{SAMPL4}} Hydration Free Energies Using {{OMEGA}}, {{SZYBKI}}, {{QUACPAC}}, and {{Zap TK}}},
  volume = {28},
  issn = {0920-654X, 1573-4951},
  doi = {10.1007/s10822-014-9720-8},
  number = {3},
  journal = {J Comput Aided Mol Des},
  author = {Ellingson, Benjamin A. and Geballe, Matthew T. and Wlodek, Stanislaw and Bayly, Christopher I. and Skillman, A. Geoffrey and Nicholls, Anthony},
  month = mar,
  year = {2014},
  keywords = {SAMPL,hydration free energy,SAMPL4,PB},
  pages = {289-298}
}

@article{deng_distinguishing_2015,
  title = {Distinguishing {{Binders}} from {{False Positives}} by {{Free Energy Calculations}}: {{Fragment Screening Against}} the {{Flap Site}} of {{HIV Protease}}},
  volume = {119},
  issn = {1520-6106},
  doi = {10.1021/jp506376z},
  number = {3},
  journal = {J. Phys. Chem. B},
  author = {Deng, Nanjie and Forli, Stefano and He, Peng and Perryman, Alex and Wickstrom, Lauren and Vijayan, R. S. K. and Tiefenbrunn, Theresa and Stout, David and Gallicchio, Emilio and Olson, Arthur J. and Levy, Ronald M.},
  month = jan,
  year = {2015},
  keywords = {alchemical,SAMPL,SAMPL4,HIV integrase,BEDAM,binding free energy},
  pages = {976-988}
}

@article{kumar_computational_2012,
  title = {Computational Fragment-Based Screening Using {{RosettaLigand}}: The {{SAMPL3}} Challenge},
  volume = {26},
  issn = {0920-654X, 1573-4951},
  doi = {10.1007/s10822-011-9523-0},
  number = {5},
  journal = {J Comput Aided Mol Des},
  author = {Kumar, Ashutosh and Zhang, Kam Y. J.},
  month = jan,
  year = {2012},
  keywords = {SAMPL,SAMPL3,trypsin,Maybridge,RosettaLigand},
  pages = {603-616}
}

@article{voet_combining_2014,
  title = {Combining in Silico and in Cerebro Approaches for Virtual Screening and Pose Prediction in {{SAMPL4}}},
  volume = {28},
  issn = {0920-654X, 1573-4951},
  doi = {10.1007/s10822-013-9702-2},
  number = {4},
  journal = {J Comput Aided Mol Des},
  author = {Voet, Arnout R. D. and Kumar, Ashutosh and Berenger, Francois and Zhang, Kam Y. J.},
  month = jan,
  year = {2014},
  keywords = {SAMPL,SAMPL4,HIV integrase,docking,human,in cerebro},
  pages = {363-373}
}

@article{soteras_performance_2010,
  title = {Performance of the {{IEF}}-{{MST}} Solvation Continuum Model in the {{SAMPL2}} Blind Test Prediction of Hydration and Tautomerization Free Energies},
  volume = {24},
  issn = {0920-654X, 1573-4951},
  doi = {10.1007/s10822-010-9331-y},
  number = {4},
  journal = {J Comput Aided Mol Des},
  author = {Soteras, Ignacio and Orozco, Modesto and Luque, F. Javier},
  month = mar,
  year = {2010},
  keywords = {SAMPL,hydration free energy,SAMPL2,implicit solvent},
  pages = {281-291}
}

@article{chamberlin_performance_2008,
  title = {Performance of {{SM8}} on a {{Test To Predict Small}}-{{Molecule Solvation Free Energies}}},
  volume = {112},
  issn = {1520-6106},
  doi = {10.1021/jp8028038},
  number = {29},
  journal = {J. Phys. Chem. B},
  author = {Chamberlin, Adam C. and Cramer, Christopher J. and Truhlar, Donald G.},
  month = jul,
  year = {2008},
  keywords = {SAMPL,retrospective,SAMPL0},
  pages = {8651-8655}
}

@article{marenich_performance_2009,
  title = {Performance of {{SM6}}, {{SM8}}, and {{SMD}} on the {{SAMPL1 Test Set}} for the {{Prediction}} of {{Small}}-{{Molecule Solvation Free Energies}}},
  volume = {113},
  issn = {1520-6106},
  doi = {10.1021/jp809094y},
  number = {14},
  journal = {J. Phys. Chem. B},
  author = {Marenich, Aleksandr V. and Cramer, Christopher J. and Truhlar, Donald G.},
  month = apr,
  year = {2009},
  keywords = {SAMPL,hydration free energy,QM,SMD,SAMPL1},
  pages = {4538-4543}
}

@article{Jones:2016:JComputAidedMolDes,
  title = {Partition Coefficients for the {{SAMPL5}} Challenge Using Transfer Free Energies},
  volume = {30},
  issn = {0920-654X, 1573-4951},
  doi = {10.1007/s10822-016-9964-6},
  number = {11},
  journal = {J Comput Aided Mol Des},
  author = {Jones, Michael R. and Brooks, Bernard R. and Wilson, Angela K.},
  month = sep,
  year = {2016},
  pages = {1129-1138}
}

@article{yin_overview_2016,
  title = {Overview of the {{SAMPL5}} Host\textendash{}guest Challenge: {{Are}} We Doing Better?},
  volume = {31},
  issn = {0920-654X, 1573-4951},
  doi = {10.1007/s10822-016-9974-4},
  number = {1},
  journal = {J Comput Aided Mol Des},
  author = {Yin, Jian and Henriksen, Niel M. and Slochower, David R. and Shirts, Michael R. and Chiu, Michael W. and Mobley, David L. and Gilson, Michael K.},
  year = {2017},
  keywords = {host–guest complexation,OctaAcid,overview,SAMPL,CBClip,SAMPL5},
  pages = {1-19}
}

@article{Bansal:2017:JComputAidedMolDes,
  title = {On the Fly Estimation of Host\textendash{}guest Binding Free Energies Using the Movable Type Method: Participation in the {{SAMPL5}} Blind Challenge},
  volume = {31},
  issn = {0920-654X, 1573-4951},
  doi = {10.1007/s10822-016-9980-6},
  number = {1},
  journal = {J Comput Aided Mol Des},
  author = {Bansal, Nupur and Zheng, Zheng and Cerutti, David S. and Merz, Kenneth M.},
  month = jan,
  year = {2017},
  pages = {47-60}
}

@article{fennell_modeling_2011,
  title = {Modeling Aqueous Solvation with Semi-Explicit Assembly},
  volume = {108},
  issn = {0027-8424, 1091-6490},
  doi = {10.1073/pnas.1017130108},
  number = {8},
  journal = {PNAS},
  author = {Fennell, Christopher J. and Kehoe, Charles W. and Dill, Ken A.},
  month = feb,
  year = {2011},
  keywords = {Free energy,SAMPL,hydration free energy,implicit solvent,SEA,transfer},
  pages = {3234-3239},
  pmid = {21300905}
}

@article{rustenburg_measuring_2016,
  title = {Measuring Experimental Cyclohexane-Water Distribution Coefficients for the {{SAMPL5}} Challenge},
  volume = {30},
  copyright = {\textcopyright{} 2016, Published by Cold Spring Harbor Laboratory Press. This pre-print is available under a Creative Commons License (Attribution 4.0 International), CC BY 4.0, as described at http://creativecommons.org/licenses/by/4.0/},
  doi = {10.1007/s10822-016-9971-7},
  number = {11},
  journal = {J. Comput. Aided Mol. Des.},
  author = {Rustenburg, Ari{\"e}n S. and Dancer, Justin and Lin, Baiwei and Feng, Jianwen A. and Ortwine, Daniel F. and Mobley, David L. and Chodera, John D.},
  month = jul,
  year = {2016},
  keywords = {experiment,SAMPL,SAMPL5,logD,logP},
  pages = {945-958}
}

@article{shirts_lessons_2016,
  title = {Lessons Learned from Comparing Molecular Dynamics Engines on the {{SAMPL5}} Dataset},
  volume = {31},
  number = {1},
  journal = {J Comput Aided Mol Des},
  author = {Shirts, Michael R. and Klein, Christoph and Swails, Jason M and Yin, Jian and Gilson, Michael K. and Mobley, David L. and Case, David A. and Shirts, Michael R},
  year = {2017},
  pages = {147-161}
}

@article{peat_interrogating_2014,
  title = {Interrogating {{HIV}} Integrase for Compounds That Bind- a {{SAMPL}} Challenge},
  volume = {28},
  issn = {0920-654X, 1573-4951},
  doi = {10.1007/s10822-014-9721-7},
  number = {4},
  journal = {J Comput Aided Mol Des},
  author = {Peat, Thomas S. and Dolezal, Olan and Newman, Janet and Mobley, David and Deadman, John J.},
  month = feb,
  year = {2014},
  pages = {347-362}
}

@article{hamaguchi_force-field_2012,
  title = {Force-Field and Quantum-Mechanical Binding Study of Selected {{SAMPL3}} Host-Guest Complexes},
  volume = {26},
  issn = {0920-654X, 1573-4951},
  doi = {10.1007/s10822-012-9553-2},
  number = {5},
  journal = {J Comput Aided Mol Des},
  author = {Hamaguchi, Nobuko and Fusti-Molnar, Laszlo and Wlodek, Stanislaw},
  month = feb,
  year = {2012},
  keywords = {host–guest complexation,SAMPL,SAMPL3,CB7,host-guest systems,PB,MMFF},
  pages = {577-582}
}

@article{genheden_extensive_2014,
  title = {Extensive All-Atom {{Monte Carlo}} Sampling and {{QM}}/{{MM}} Corrections in the {{SAMPL4}} Hydration Free Energy Challenge},
  volume = {28},
  issn = {0920-654X, 1573-4951},
  doi = {10.1007/s10822-014-9717-3},
  number = {3},
  journal = {J Comput Aided Mol Des},
  author = {Genheden, Samuel and Martinez, Ana I. Cabedo and Criddle, Michael P. and Essex, Jonathan W.},
  month = feb,
  year = {2014},
  keywords = {SAMPL,hydration free energy,SAMPL4,Monte Carlo,QM/MM},
  pages = {187-200}
}

@article{park_extended_2014,
  title = {Extended Solvent-Contact Model Approach to {{SAMPL4}} Blind Prediction Challenge for Hydration Free Energies},
  volume = {28},
  issn = {0920-654X, 1573-4951},
  doi = {10.1007/s10822-014-9729-z},
  number = {3},
  journal = {J Comput Aided Mol Des},
  author = {Park, Hwangseo},
  month = feb,
  year = {2014},
  keywords = {SAMPL,hydration free energy,SAMPL4},
  pages = {175-186}
}

@article{chung_extended_2016,
  title = {Extended Solvent-Contact Model Approach to Blind {{SAMPL5}} Prediction Challenge for the Distribution Coefficients of Drug-like Molecules},
  volume = {30},
  issn = {0920-654X, 1573-4951},
  doi = {10.1007/s10822-016-9928-x},
  number = {11},
  journal = {J Comput Aided Mol Des},
  author = {Chung, Kee-Choo and Park, Hwangseo},
  month = jul,
  year = {2016},
  keywords = {SAMPL,SAMPL5,logD,logP},
  pages = {1019-1033}
}

@article{monroe_converging_2014,
  title = {Converging Free Energies of Binding in Cucurbit[7]Uril and Octa-Acid Host\textendash{}guest Systems from {{SAMPL4}} Using Expanded Ensemble Simulations},
  volume = {28},
  issn = {0920-654X, 1573-4951},
  doi = {10.1007/s10822-014-9716-4},
  number = {4},
  journal = {J Comput Aided Mol Des},
  author = {Monroe, Jacob I. and Shirts, Michael R.},
  month = mar,
  year = {2014},
  keywords = {alchemical,host–guest complexation,OctaAcid,SAMPL,CB7,SAMPL4},
  pages = {401-415}
}

@article{santos-martins_calculation_2016,
  title = {Calculation of Distribution Coefficients in the {{SAMPL5}} Challenge from Atomic Solvation Parameters and Surface Areas},
  volume = {30},
  issn = {0920-654X, 1573-4951},
  doi = {10.1007/s10822-016-9951-y},
  number = {11},
  journal = {J Comput Aided Mol Des},
  author = {Santos-Martins, Diogo and Fernandes, Pedro Alexandrino and Ramos, Maria Jo{\~a}o},
  month = sep,
  year = {2016},
  keywords = {SAMPL,SAMPL5,logD},
  pages = {1079-1086}
}

@article{konig_calculating_2016,
  title = {Calculating Distribution Coefficients Based on Multi-Scale Free Energy Simulations: An Evaluation of {{MM}} and {{QM}}/{{MM}} Explicit Solvent Simulations of Water-Cyclohexane Transfer in the {{SAMPL5}} Challenge},
  volume = {30},
  issn = {0920-654X, 1573-4951},
  doi = {10.1007/s10822-016-9936-x},
  number = {11},
  journal = {J Comput Aided Mol Des},
  author = {K{\"o}nig, Gerhard and Pickard, Frank C. and Huang, Jing and Simmonett, Andrew C. and Tofoleanu, Florentina and Lee, Juyong and Dral, Pavlo O. and Prasad, Samarjeet and Jones, Michael and Shao, Yihan and Thiel, Walter and Brooks, Bernard R.},
  month = aug,
  year = {2016},
  keywords = {SAMPL,QM,SAMPL5,logD,logP,QM/MM,CHARMM},
  pages = {989-1006}
}

@article{klamt_blind_2010,
  title = {Blind Prediction Test of Free Energies of Hydration with {{COSMO}}-{{RS}}},
  volume = {24},
  issn = {0920-654X, 1573-4951},
  doi = {10.1007/s10822-010-9354-4},
  number = {4},
  journal = {J Comput Aided Mol Des},
  author = {Klamt, Andreas and Diedenhofen, Michael},
  month = apr,
  year = {2010},
  keywords = {SAMPL,COSMO-RS,hydration free energy,SAMPL2},
  pages = {357-360}
}

@article{Pickard:2016:JComputAidedMolDes,
  title = {Blind Prediction of Distribution in the {{SAMPL5}} Challenge with {{QM}} Based Protomer and {{pKa}} Corrections},
  volume = {30},
  issn = {0920-654X, 1573-4951},
  doi = {10.1007/s10822-016-9955-7},
  number = {11},
  journal = {J Comput Aided Mol Des},
  author = {Pickard, Frank C. and K{\"o}nig, Gerhard and Tofoleanu, Florentina and Lee, Juyong and Simmonett, Andrew C. and Shao, Yihan and Ponder, Jay W. and Brooks, Bernard R.},
  month = sep,
  year = {2016},
  pages = {1-14}
}

@article{caldararu_binding_2016,
  title = {Binding Free Energies in the {{SAMPL5}} Octa-Acid Host\textendash{}guest Challenge Calculated with {{DFT}}-{{D3}} and {{CCSD}}({{T}})},
  volume = {31},
  issn = {0920-654X, 1573-4951},
  doi = {10.1007/s10822-016-9957-5},
  number = {1},
  journal = {J Comput Aided Mol Des},
  author = {Caldararu, Octav and Olsson, Martin A. and Riplinger, Christoph and Neese, Frank and Ryde, Ulf},
  year = {2017},
  keywords = {host–guest complexation,OctaAcid,SAMPL,QM,SAMPL5},
  pages = {87-106}
}

@article{mikulskis_binding_2011,
  title = {Binding Affinities in the {{SAMPL3}} Trypsin and Host\textendash{}guest Blind Tests Estimated with the {{MM}}/{{PBSA}} and {{LIE}} Methods},
  volume = {26},
  issn = {0920-654X, 1573-4951},
  doi = {10.1007/s10822-011-9524-z},
  number = {5},
  journal = {J Comput Aided Mol Des},
  author = {Mikulskis, Paulius and Genheden, Samuel and Rydberg, Patrik and Sandberg, Lars and Olsen, Lars and Ryde, Ulf},
  month = dec,
  year = {2011},
  keywords = {SAMPL,SAMPL3,trypsin,LIE,MM/PBSA},
  pages = {527-541}
}

@article{Gosink:2017:J.Phys.Chem.B,
  title = {Bayesian {{Model Averaging}} for {{Ensemble}}-{{Based Estimates}} of {{Solvation}}-{{Free Energies}}},
  volume = {121},
  issn = {1520-6106},
  doi = {10.1021/acs.jpcb.6b09198},
  number = {15},
  journal = {J. Phys. Chem. B},
  author = {Gosink, Luke J. and Overall, Christopher C. and Reehl, Sarah M. and Whitney, Paul D. and Mobley, David L. and Baker, Nathan A.},
  month = apr,
  year = {2017},
  keywords = {SAMPL,Bayesian inference},
  pages = {3458-3472}
}

@article{ellingson_analysis_2010,
  title = {Analysis of {{SM8}} and {{Zap TK}} Calculations and Their Geometric Sensitivity},
  volume = {24},
  issn = {0920-654X, 1573-4951},
  doi = {10.1007/s10822-010-9355-3},
  number = {4},
  journal = {J Comput Aided Mol Des},
  author = {Ellingson, Benjamin A. and Skillman, A. Geoffrey and Nicholls, Anthony},
  month = apr,
  year = {2010},
  keywords = {SAMPL,SAMPL2,QM,PB,ZAP},
  pages = {335-342}
}

@article{tofoleanu_absolute_2016,
  title = {Absolute Binding Free Energy Calculations for Octa-Acids and Guests},
  volume = {31},
  number = {1},
  journal = {J Comput Aided Mol Des},
  author = {Tofoleanu, Florentina and Lee, Juyong and Pickard IV., Frank C. and K{\"o}nig, Gerhard and Huang, Jing and Baek, Minkyung and Seok, Chaok and Brooks, Bernard R.},
  year = {2017},
  keywords = {alchemical,host–guest complexation,OctaAcid,SAMPL,SAMPL5,absolute binding free energy,OAMe},
  pages = {107-118}
}

@article{kulp_fragment-based_2012,
  title = {A Fragment-Based Approach to the {{SAMPL3 Challenge}}},
  volume = {26},
  issn = {0920-654X, 1573-4951},
  doi = {10.1007/s10822-012-9546-1},
  number = {5},
  journal = {J Comput Aided Mol Des},
  author = {Kulp, John L. and Blumenthal, Seth N. and Wang, Qiang and Bryan, Richard L. and Guarnieri, Frank},
  month = jan,
  year = {2012},
  keywords = {SAMPL,SAMPL3,trypsin,Maybridge,GCMC},
  pages = {583-594}
}

@article{guthrie_blind_2009,
  title = {A {{Blind Challenge}} for {{Computational Solvation Free Energies}}: {{Introduction}} and {{Overview}}},
  volume = {113},
  number = {14},
  journal = {J Phys Chem B},
  author = {Guthrie, J Peter},
  month = jan,
  year = {2009},
  keywords = {overview,experiment,SAMPL,hydration free energy,SAMPL1},
  pages = {4501-4507}
}

@article{bosisio_blinded_2016,
  title = {Blinded Predictions of Host-Guest Standard Free Energies of Binding in the {{SAMPL5}} Challenge},
  volume = {31},
  number = {1},
  journal = {J Comput Aided Mol Des},
  author = {Bosisio, Stefano and Mey, Antonia S. J. S. and Michel, Julien},
  year = {2017},
  keywords = {alchemical,host–guest complexation,OctaAcid,SAMPL,CBClip,binding free energy,SAMPL5,standard binding free energy,standard state},
  pages = {61-70}
}

@article{Mobley:2014:JComputAidedMolDesa,
  title = {Blind Prediction of Solvation Free Energies from the {{SAMPL4}} Challenge},
  volume = {28},
  doi = {10.1007/s10822-014-9718-2},
  number = {3},
  journal = {J Comput Aided Mol Des},
  author = {Mobley, David L and Wymer, Karisa L and Lim, Nathan M and Guthrie, J Peter},
  month = mar,
  year = {2014},
  keywords = {overview,SAMPL,hydration free energy,SAMPL4},
  pages = {135-150}
}

@article{muddana_blind_2014,
  title = {Blind Prediction of {{SAMPL4}} Cucurbit[7]Uril Binding Affinities with the Mining Minima Method},
  volume = {28},
  issn = {0920-654X, 1573-4951},
  doi = {10.1007/s10822-014-9726-2},
  number = {4},
  journal = {J Comput Aided Mol Des},
  author = {Muddana, Hari S. and Yin, Jian and Sapra, Neil V. and Fenley, Andrew T. and Gilson, Michael K.},
  month = feb,
  year = {2014},
  keywords = {alchemical,host–guest complexation,SAMPL,CB7,cucurbituril,SAMPL4},
  pages = {463-474}
}

@article{muddana_sampl3_2012,
  title = {Blind Prediction of Host\textendash{}guest Binding Affinities: {{A}} New {{SAMPL3}} Challenge},
  volume = {26},
  issn = {0920-654X, 1573-4951},
  doi = {10.1007/s10822-012-9554-1},
  number = {5},
  journal = {J Comput Aided Mol Des},
  author = {Muddana, Hari S. and Varnado, C. Daniel and Bielawski, Christopher W. and Urbach, Adam R. and Isaacs, Lyle and Geballe, Matthew T. and Gilson, Michael K.},
  month = feb,
  year = {2012},
  keywords = {alchemical,host–guest complexation,overview,SAMPL,SAMPL3,CB7,cucurbituril},
  pages = {475-487}
}


